@misc{symfony,
author={SensioLabs},
title={Site web de {S}ymfony},
month={septembre},
year={2017},
howpublished="\url{https://symfony.com/}",
}
@misc{osm,
author={OpenStreetMap},
title={Site web},
month={septembre},
year={2017},
howpublished="\url{https://openstreetmap.fr/}",
}
@misc{gmap,
author={Google},
title={{G}oogle {M}aps},
month={septembre},
year={2017},
howpublished="\url{https://developers.google.com/maps/?hl=fr}",
}
@misc{gmap_prices,
author={Google},
title={Tarifs de {G}oogle {M}aps},
month={septembre},
year={2017},
howpublished="\url{https://developers.google.com/maps/pricing-and-plans/?hl=fr}",
}
@misc{jquery,
author={jQuery Fundation},
title={Site web},
month={septembre},
year={2017},
howpublished="\url{https://jquery.com/}",
}
@misc{oswitch,
author={o2switch},
title={Site web},
month={septembre},
year={2017},
howpublished="\url{http://www.o2switch.fr/}",
}
@misc{bootstrap,
author={Bootstrap},
title={Site web},
month={septembre},
year={2017},
howpublished="\url{https://getbootstrap.com/}",
}
@misc{logilink,
author={LOGILINK},
title={Site web},
month={septembre},
year={2017},
howpublished="\url{http://logilink.fr/}",
}
@misc{php,
author={php},
title={Site web},
month={septembre},
year={2017},
howpublished="\url{https://secure.php.net/}",
}
@misc{js,
author={JavaScript},
title={Site web},
month={septembre},
year={2017},
howpublished="\url{https://www.javascript.com/}",
}
@misc{io,
author={SocketIO},
title={Site web},
month={septembre},
year={2017},
howpublished="\url{http://socket.io/}",
}
@misc{ex,
author={Microsft},
title={Microsft {E}xchange},
month={septembre},
year={2017},
howpublished="\url{https://products.office.com/fr-fr/exchange/email}",
}
@misc{gcal,
author={Google},
title={Google {C}alendar},
month={septembre},
year={2017},
howpublished="\url{https://www.google.com/calendar}",
}
