@techreport{groupX-mackay-02,
   author = "{Wendy Mackay}",
   institution = "{INRIA and ACM/SIGCHI}",
   note = "{Available online at http://stream.cc.gt.atl.ga.us/hccvideos/viddesign.php}",
   title = "{Using video to support interaction design}",
   type = "{DVD Tutorial}",
   type_publi = "{rapport}",
   year = "{2002}"
}
